
@Book{test,
  author =    {Luke Skywalker},
  editor =    {},
  title =        {"On~\LaTeX~Formatting"},
  publisher =    {Zafar Publishings},
  year =         {2013},
}

